<?xml version="1.0" encoding="UTF-8"?><collection xmlns="http://www.loc.gov/MARC21/slim"><record><leader>00480nam--2200169-i-4500</leader><controlfield tag="001">000041731</controlfield><controlfield tag="002">20161230</controlfield><controlfield tag="005">20170106175706</controlfield><controlfield tag="008">060222s1000------------r-----000-0-eng-d</controlfield><datafield ind1=" " ind2=" " tag="040"><subfield code="a">IFIN-HH</subfield></datafield><datafield ind1=" " ind2=" " tag="080"><subfield code="a">801.323.2+945.11+20</subfield></datafield><datafield ind1="1" ind2=" " tag="100"><subfield code="a">Sinor, Denis</subfield></datafield><datafield ind1="1" ind2="0" tag="245"><subfield code="a">A modern Hungarian-English dictionary</subfield><subfield code="b">Modern magyar-angol sz©đt©Łr</subfield><subfield code="c">Denis Sinor</subfield></datafield><datafield ind1=" " ind2=" " tag="260"><subfield code="a">Cambridge</subfield><subfield code="b">W.Heffer &amp; Sons,Ltd</subfield><subfield code="c">1957</subfield></datafield><datafield ind1=" " ind2=" " tag="300"><subfield code="a">XV + 131 p</subfield></datafield><datafield ind1=" " ind2=" " tag="852"><subfield code="a">D.284</subfield><subfield code="c">SLF</subfield></datafield><datafield ind1=" " ind2=" " tag="CAT"><subfield code="a">SYS</subfield><subfield code="c">20170106</subfield><subfield code="h">175706</subfield></datafield></record></collection>